<?xml version="1.0" encoding="UTF-8"?><collection xmlns="http://www.loc.gov/MARC21/slim"><record><leader>00447nam--2200169-u-4500</leader><controlfield tag="001">000050865</controlfield><controlfield tag="002">20161230</controlfield><controlfield tag="005">20161230201048</controlfield><controlfield tag="008">080417s1000------------r-----000-0-eng-d</controlfield><datafield ind1=" " ind2=" " tag="040"><subfield code="a">IFIN-HH</subfield></datafield><datafield ind1=" " ind2=" " tag="080"><subfield code="a">51</subfield></datafield><datafield ind1="1" ind2=" " tag="100"><subfield code="a">Alekseev,A.S</subfield></datafield><datafield ind1="1" ind2="0" tag="245"><subfield code="a">Aktualnye Problemy Vychislitelnoi Matematiki i Matematicheskogo Modelirovaniya</subfield></datafield><datafield ind1=" " ind2=" " tag="260"><subfield code="a">Novosibirsk</subfield><subfield code="b">Izdatelstvo Nauka</subfield><subfield code="c">1985</subfield></datafield><datafield ind1=" " ind2=" " tag="300"><subfield code="a">263p</subfield></datafield><datafield ind1=" " ind2=" " tag="852"><subfield code="c">51</subfield></datafield><datafield ind1=" " ind2=" " tag="CAT"><subfield code="a">Sys</subfield><subfield code="c">20080417</subfield><subfield code="h">115517</subfield></datafield></record></collection>